<?xml version="1.0" encoding="UTF-8"?>
<record xmlns="http://www.loc.gov/MARC21/slim">
   <leader>03407nam a2200757Ii 4500</leader>
   <controlfield tag="001">6993808</controlfield>
   <controlfield tag="003">OCoLC</controlfield>
   <controlfield tag="005">20150429013711.0</controlfield>
   <controlfield tag="008">150429s1993    abc          s000 0 eng d</controlfield>
   <datafield tag="020" ind1=" " ind2=" ">
      <subfield code="a">0774108460 (fac.man.)</subfield>
   </datafield>
   <datafield tag="020" ind1=" " ind2=" ">
      <subfield code="a">9780774108461 (fac.man.)</subfield>
   </datafield>
   <datafield tag="020" ind1=" " ind2=" ">
      <subfield code="a">0774108444 (mod.1)</subfield>
   </datafield>
   <datafield tag="020" ind1=" " ind2=" ">
      <subfield code="a">9780774108447 (mod.1)</subfield>
   </datafield>
   <datafield tag="020" ind1=" " ind2=" ">
      <subfield code="a">0774108541 (mod.2)</subfield>
   </datafield>
   <datafield tag="020" ind1=" " ind2=" ">
      <subfield code="a">9780774108546 (mod.2)</subfield>
   </datafield>
   <datafield tag="020" ind1=" " ind2=" ">
      <subfield code="a">0774108894 (mod.3)</subfield>
   </datafield>
   <datafield tag="020" ind1=" " ind2=" ">
      <subfield code="a">9780774108898 (mod.3)</subfield>
   </datafield>
   <datafield tag="020" ind1=" " ind2=" ">
      <subfield code="a">0774109092 (mod.4)</subfield>
   </datafield>
   <datafield tag="020" ind1=" " ind2=" ">
      <subfield code="a">9780774109093 (mod.4)</subfield>
   </datafield>
   <datafield tag="020" ind1=" " ind2=" ">
      <subfield code="a">0774109157 (mod.5)</subfield>
   </datafield>
   <datafield tag="020" ind1=" " ind2=" ">
      <subfield code="a">9780774109154 (mod.5)</subfield>
   </datafield>
   <datafield tag="020" ind1=" " ind2=" ">
      <subfield code="a">0774109173 (mod.6)</subfield>
   </datafield>
   <datafield tag="020" ind1=" " ind2=" ">
      <subfield code="a">9780774109178 (mod.6)</subfield>
   </datafield>
   <datafield tag="020" ind1=" " ind2=" ">
      <subfield code="a">0774109203 (mod.7)</subfield>
   </datafield>
   <datafield tag="020" ind1=" " ind2=" ">
      <subfield code="a">9780774109208 (mod.7)</subfield>
   </datafield>
   <datafield tag="035" ind1=" " ind2=" ">
      <subfield code="a">ocn908167439</subfield>
   </datafield>
   <datafield tag="040" ind1=" " ind2=" ">
      <subfield code="a">AEU</subfield>
      <subfield code="b">eng</subfield>
      <subfield code="e">rda</subfield>
      <subfield code="c">LTSCA</subfield>
   </datafield>
   <datafield tag="050" ind1=" " ind2="4">
      <subfield code="a">QA39.2</subfield>
      <subfield code="b">.M377 1993</subfield>
   </datafield>
   <datafield tag="090" ind1=" " ind2=" ">
      <subfield code="a">QA 39.2 M377 1993</subfield>
      <subfield code="b">AEU</subfield>
   </datafield>
   <datafield tag="240" ind1="0" ind2="0">
      <subfield code="a">Mathematics 9./ </subfield>
   </datafield>
   <datafield tag="245" ind1="0" ind2="0">
      <subfield code="a">Mathematics 9 1993</subfield>
   </datafield>
   <datafield tag="246" ind1="3" ind2=" ">
      <subfield code="a">Mathematics nine</subfield>
   </datafield>
   <datafield tag="264" ind1=" " ind2="1">
      <subfield code="a">Edmonton, Alberta :</subfield>
      <subfield code="b">Alberta Education,</subfield>
      <subfield code="c">[1993].</subfield>
   </datafield>
   <datafield tag="300" ind1=" " ind2=" ">
      <subfield code="a">7 volumes ;</subfield>
      <subfield code="c">28 cm. +</subfield>
      <subfield code="e">1 facilitator's manual, student guide.</subfield>
   </datafield>
   <datafield tag="336" ind1=" " ind2=" ">
      <subfield code="a">text</subfield>
      <subfield code="b">txt</subfield>
      <subfield code="2">rdacontent</subfield>
   </datafield>
   <datafield tag="337" ind1=" " ind2=" ">
      <subfield code="a">unmediated</subfield>
      <subfield code="b">n</subfield>
      <subfield code="2">rdamedia</subfield>
   </datafield>
   <datafield tag="338" ind1=" " ind2=" ">
      <subfield code="a">volume</subfield>
      <subfield code="b">nc</subfield>
      <subfield code="2">rdacarrier</subfield>
   </datafield>
   <datafield tag="500" ind1=" " ind2=" ">
      <subfield code="a">Some volumes have text printed parallel to spine.</subfield>
   </datafield>
   <datafield tag="500" ind1=" " ind2=" ">
      <subfield code="a">Cover title.</subfield>
   </datafield>
   <datafield tag="500" ind1=" " ind2=" ">
      <subfield code="a">Distributed by Alberta Distance Learning Centre.</subfield>
   </datafield>
   <datafield tag="505" ind1="0" ind2=" ">
      <subfield code="a">Module 1. Problem solving -- Module 2. Rational numbers -- Module 3. Powers -- Module 4. Algebra -- Module 5. Ratio and proportion -- Module 6. Measurement and geometry -- Module 7. Data Management -- Student support guide -- Learning facilitator's manual (in 2 parts).</subfield>
   </datafield>
   <datafield tag="590" ind1=" " ind2=" ">
      <subfield code="a">Approved for use in Alberta schools.</subfield>
   </datafield>
   <datafield tag="596" ind1=" " ind2=" ">
      <subfield code="a">38</subfield>
   </datafield>
   <datafield tag="650" ind1=" " ind2="0">
      <subfield code="a">Mathematics</subfield>
      <subfield code="v">Programmed instruction.</subfield>
   </datafield>
   <datafield tag="650" ind1=" " ind2="0">
      <subfield code="a">Mathematics</subfield>
      <subfield code="v">Problems, exercises, etc.</subfield>
   </datafield>
   <datafield tag="710" ind1="1" ind2=" ">
      <subfield code="a">Alberta.</subfield>
      <subfield code="b">Alberta Education.</subfield>
      <subfield code="b">Alberta Distance Learning Centre.</subfield>
   </datafield>
   <datafield tag="710" ind1="1" ind2=" ">
      <subfield code="a">Alberta.</subfield>
      <subfield code="b">Alberta Education.</subfield>
   </datafield>
   <datafield tag="949" ind1=" " ind2=" ">
      <subfield code="a">QA 39.2 M377 1993</subfield>
      <subfield code="v">fac.man.</subfield>
      <subfield code="h">UABA-B</subfield>
      <subfield code="i">0162034098580</subfield>
      <subfield code="z">OCLC_ORIG</subfield>
   </datafield>
   <datafield tag="949" ind1=" " ind2=" ">
      <subfield code="a">QA 39.2 M377 1993</subfield>
      <subfield code="v">std.man. pt.B</subfield>
      <subfield code="h">UABA-B</subfield>
      <subfield code="i">0162034098523</subfield>
      <subfield code="z">OCLC_ORIG</subfield>
   </datafield>
   <datafield tag="949" ind1=" " ind2=" ">
      <subfield code="a">QA 39.2 M377 1993</subfield>
      <subfield code="v">mod.2</subfield>
      <subfield code="h">UABA-B</subfield>
      <subfield code="i">0162034098572</subfield>
      <subfield code="z">OCLC_ORIG</subfield>
   </datafield>
   <datafield tag="949" ind1=" " ind2=" ">
      <subfield code="a">QA 39.2 M377 1993</subfield>
      <subfield code="v">mod.3</subfield>
      <subfield code="h">UABA-B</subfield>
      <subfield code="i">0162034098416</subfield>
      <subfield code="z">OCLC_ORIG</subfield>
   </datafield>
   <datafield tag="949" ind1=" " ind2=" ">
      <subfield code="a">QA 39.2 M377 1993</subfield>
      <subfield code="v">mod.4</subfield>
      <subfield code="h">UABA-B</subfield>
      <subfield code="i">0162034098473</subfield>
      <subfield code="z">OCLC_ORIG</subfield>
   </datafield>
   <datafield tag="949" ind1=" " ind2=" ">
      <subfield code="a">QA 39.2 M377 1993</subfield>
      <subfield code="v">mod.5</subfield>
      <subfield code="h">UABA-B</subfield>
      <subfield code="i">0162034098408</subfield>
      <subfield code="z">OCLC_ORIG</subfield>
   </datafield>
   <datafield tag="949" ind1=" " ind2=" ">
      <subfield code="a">QA 39.2 M377 1993</subfield>
      <subfield code="v">fac.man. pt.B</subfield>
      <subfield code="h">UABA-B</subfield>
      <subfield code="i">0162034098531</subfield>
      <subfield code="z">OCLC_ORIG</subfield>
   </datafield>
   <datafield tag="949" ind1=" " ind2=" ">
      <subfield code="a">QA 39.2 M377 1993</subfield>
      <subfield code="v">mod.1</subfield>
      <subfield code="h">UABA-B</subfield>
      <subfield code="i">0162034098515</subfield>
      <subfield code="z">OCLC_ORIG</subfield>
   </datafield>
   <datafield tag="949" ind1=" " ind2=" ">
      <subfield code="a">QA 39.2 M377 1993</subfield>
      <subfield code="v">mod.6</subfield>
      <subfield code="h">UABA-B</subfield>
      <subfield code="i">0162034098465</subfield>
      <subfield code="z">OCLC_ORIG</subfield>
   </datafield>
   <datafield tag="949" ind1=" " ind2=" ">
      <subfield code="a">QA 39.2 M377 1993</subfield>
      <subfield code="v">mod.7</subfield>
      <subfield code="h">UABA-B</subfield>
      <subfield code="i">0162034524346</subfield>
      <subfield code="z">OCLC_ORIG</subfield>
   </datafield>
   <datafield tag="926" ind1=" " ind2=" ">
      <subfield code="a">UABARD</subfield>
      <subfield code="b">ON_SHELF</subfield>
      <subfield code="c">QA 39.2 M377 1993 fac.man.</subfield>
      <subfield code="d">BOOK</subfield>
      <subfield code="f">1</subfield>
   </datafield>
   <datafield tag="926" ind1=" " ind2=" ">
      <subfield code="a">UABARD</subfield>
      <subfield code="b">ON_SHELF</subfield>
      <subfield code="c">QA 39.2 M377 1993 fac.man.pt.B</subfield>
      <subfield code="d">BOOK</subfield>
      <subfield code="f">1</subfield>
   </datafield>
   <datafield tag="926" ind1=" " ind2=" ">
      <subfield code="a">UABARD</subfield>
      <subfield code="b">ON_SHELF</subfield>
      <subfield code="c">QA 39.2 M377 1993 mod.1</subfield>
      <subfield code="d">BOOK</subfield>
      <subfield code="f">1</subfield>
   </datafield>
   <datafield tag="926" ind1=" " ind2=" ">
      <subfield code="a">UABARD</subfield>
      <subfield code="b">ON_SHELF</subfield>
      <subfield code="c">QA 39.2 M377 1993 mod.2</subfield>
      <subfield code="d">BOOK</subfield>
      <subfield code="f">1</subfield>
   </datafield>
   <datafield tag="926" ind1=" " ind2=" ">
      <subfield code="a">UABARD</subfield>
      <subfield code="b">ON_SHELF</subfield>
      <subfield code="c">QA 39.2 M377 1993 mod.3</subfield>
      <subfield code="d">BOOK</subfield>
      <subfield code="f">1</subfield>
   </datafield>
   <datafield tag="926" ind1=" " ind2=" ">
      <subfield code="a">UABARD</subfield>
      <subfield code="b">ON_SHELF</subfield>
      <subfield code="c">QA 39.2 M377 1993 mod.4</subfield>
      <subfield code="d">BOOK</subfield>
      <subfield code="f">1</subfield>
   </datafield>
   <datafield tag="926" ind1=" " ind2=" ">
      <subfield code="a">UABARD</subfield>
      <subfield code="b">ON_SHELF</subfield>
      <subfield code="c">QA 39.2 M377 1993 mod.5</subfield>
      <subfield code="d">BOOK</subfield>
      <subfield code="f">1</subfield>
   </datafield>
   <datafield tag="926" ind1=" " ind2=" ">
      <subfield code="a">UABARD</subfield>
      <subfield code="b">ON_SHELF</subfield>
      <subfield code="c">QA 39.2 M377 1993 mod.6</subfield>
      <subfield code="d">BOOK</subfield>
      <subfield code="f">1</subfield>
   </datafield>
   <datafield tag="926" ind1=" " ind2=" ">
      <subfield code="a">UABARD</subfield>
      <subfield code="b">ON_SHELF</subfield>
      <subfield code="c">QA 39.2 M377 1993 mod.7</subfield>
      <subfield code="d">BOOK</subfield>
      <subfield code="f">1</subfield>
   </datafield>
   <datafield tag="926" ind1=" " ind2=" ">
      <subfield code="a">UABARD</subfield>
      <subfield code="b">ON_SHELF</subfield>
      <subfield code="c">QA 39.2 M377 1993 std.man.pt.B</subfield>
      <subfield code="d">BOOK</subfield>
      <subfield code="f">1</subfield>
   </datafield>
</record>
